<?xml version="1.0" encoding="UTF-8"?><record xmlns="http://www.loc.gov/MARC21/slim" xmlns:cinclude="http://apache.org/cocoon/include/1.0" xmlns:zs="http://www.loc.gov/zing/srw/">
  <leader>00421cz  a2200133n  4500</leader>
  <controlfield tag="001">n  92023162 </controlfield>
  <controlfield tag="003">DLC</controlfield>
  <controlfield tag="005">19960820072905.3</controlfield>
  <controlfield tag="008">920303n| acannaab|          |n aaa |||  </controlfield>
  <datafield tag="010" ind1=" " ind2=" ">
    <subfield code="a">n  92023162 </subfield>
  </datafield>
  <datafield tag="040" ind1=" " ind2=" ">
    <subfield code="a">DLC</subfield>
    <subfield code="c">DLC</subfield>
    <subfield code="d">DLC</subfield>
  </datafield>
  <datafield tag="100" ind1="1" ind2="0">
    <subfield code="a">Gray, Libba Moore</subfield>
  </datafield>
  <datafield tag="670" ind1=" " ind2=" ">
    <subfield code="a">Her Miss Tizzy, 1993:</subfield>
    <subfield code="b">CIP t.p. (Libba Moore Gray)</subfield>
  </datafield>
  <datafield tag="670" ind1=" " ind2=" ">
    <subfield code="a">Is there room on the feather bed? 1997:</subfield>
    <subfield code="b">CIP t.p. (Libba Moore Gray) CIP data sheet (1937-1995)</subfield>
  </datafield>
</record>